112100041802000513321602011605312000000000000009783TECNATIVA S.L
22    04181605261605250610010000000000000300000000000000000000005540014210128010
2301COMISION
22    0418160512160512040161000000000178300000000000000975737917
2301TRANSFERENC. A                               TEST PARTNER N43
22    0418160516160516040162000000000280290000000000000000000000
2301TRANSFERENC. TEST PARTNER 2
240197800000000000100
3321000418020005133200002000000000178330000100000000028029000000000010196978
112100081301234567891602011605312000000000000009783TECNATIVA S.L
22    08131605261605250610010000000000000300000000000000000000005540014210128010
2301COMISION
22    0813160512160512040161000000000178300000000000000975737917
2301TRANSFERENC. A                               TEST PARTNER N43
22    0813160516160516040162000000000280290000000000000000000000
2301TRANSFERENC. TEST PARTNER 2
240197800000000000100
3321000418012345678900002000000000178330000100000000028029000000000010196978
88999999999999999999000019
